<collection xmlns="http://www.loc.gov/MARC21/slim">
<record>
  <leader>01653nam0a2200289 i 450 </leader>
  <controlfield tag="001">IT\ICCU\CNCE\018477</controlfield>
  <controlfield tag="005">20080818000000.0</controlfield>
  <datafield tag="012" ind1=" " ind2=" ">
    <subfield code="a">,&amp;te tei ̮eln- n-i, (C) 1595 (R)</subfield>
    <subfield code="2">fei</subfield>
  </datafield>
  <datafield tag="100" ind1=" " ind2=" ">
    <subfield code="a">19970101d1595        0itac0103    ba</subfield>
  </datafield>
  <datafield tag="101" ind1=" " ind2=" ">
    <subfield code="a">ITA</subfield>
  </datafield>
  <datafield tag="102" ind1=" " ind2=" ">
    <subfield code="a">IT</subfield>
  </datafield>
  <datafield tag="200" ind1="1" ind2=" ">
    <subfield code="a">Oratione del mag.co &amp; eccell.mo signor Mutio Fabricio vno de i molto illustri signori sette deputati de la citt ̉di Vdine, fatta ne la partenza de l&apos;illustrissimo sig.r Marco Quirini deg.mo luogotenente de la Patria del Friuli</subfield>
  </datafield>
  <datafield tag="210" ind1=" " ind2=" ">
    <subfield code="a">In Vdine</subfield>
    <subfield code="c">appresso Gioanbattista Natolini</subfield>
    <subfield code="d">1595</subfield>
  </datafield>
  <datafield tag="215" ind1=" " ind2=" ">
    <subfield code="a">\8! c.</subfield>
    <subfield code="d">4ʻ</subfield>
  </datafield>
  <datafield tag="620" ind1=" " ind2=" ">
    <subfield code="a">IT</subfield>
    <subfield code="d">Udine</subfield>
  </datafield>
  <datafield tag="700" ind1=" " ind2="1">
    <subfield code="a">Fabrizio,</subfield>
    <subfield code="b">Muzio</subfield>
    <subfield code="3">IT\ICCU\CNCA\005216</subfield>
  </datafield>
  <datafield tag="712" ind1="0" ind2="0">
    <subfield code="a">Natolini, Giovanni Battista</subfield>
    <subfield code="3">IT\ICCU\CNCT\000645</subfield>
    <subfield code="4">650</subfield>
  </datafield>
  <datafield tag="790" ind1=" " ind2="1">
    <subfield code="a">Fabrizi,</subfield>
    <subfield code="b">Muzio</subfield>
    <subfield code="3">IT\ICCU\CNCA\019215</subfield>
    <subfield code="z">Fabrizio, Muzio</subfield>
  </datafield>
  <datafield tag="791" ind1="0" ind2="2">
    <subfield code="a">℗Al segno dell&apos;℗Esperienza</subfield>
    <subfield code="3">IT\ICCU\CNCT\002192</subfield>
    <subfield code="z">Natolini, Giovanni Battista</subfield>
  </datafield>
  <datafield tag="791" ind1="0" ind2="0">
    <subfield code="a">Natolinus, Ioannes Baptista</subfield>
    <subfield code="3">IT\ICCU\CNCT\005106</subfield>
    <subfield code="z">Natolini, Giovanni Battista</subfield>
  </datafield>
  <datafield tag="791" ind1="0" ind2="0">
    <subfield code="a">Natolino, Giovanbattista</subfield>
    <subfield code="3">IT\ICCU\CNCT\005107</subfield>
    <subfield code="z">Natolini, Giovanni Battista</subfield>
  </datafield>
  <datafield tag="801" ind1=" " ind2="3">
    <subfield code="a">IT</subfield>
    <subfield code="b">ICCU</subfield>
    <subfield code="c">20201114</subfield>
  </datafield>
  <datafield tag="899" ind1=" " ind2=" ">
    <subfield code="a">Biblioteca Bartoliniana. Udine</subfield>
    <subfield code="1">UD0243</subfield>
    <subfield code="2">ZUD 12</subfield>
  </datafield>
  <datafield tag="911" ind1=" " ind2=" ">
    <subfield code="a">Sul front.</subfield>
    <subfield code="9">IT\ICCU\CNCM\001807</subfield>
  </datafield>
  <datafield tag="911" ind1=" " ind2=" ">
    <subfield code="a">In fine</subfield>
    <subfield code="9">IT\ICCU\CNCM\001808</subfield>
  </datafield>
  <datafield tag="921" ind1=" " ind2=" ">
    <subfield code="a">IT\ICCU\CNCM\001807</subfield>
    <subfield code="b">Esperienza (donna seduta saggia monete sulla pietra di paragone). Sullo sfondo un paesaggio. In cornice figurata</subfield>
    <subfield code="c">Z500</subfield>
    <subfield code="f">ESPERIENZA</subfield>
    <subfield code="f">DONNA</subfield>
    <subfield code="g">1593-1600</subfield>
  </datafield>
  <datafield tag="921" ind1=" " ind2=" ">
    <subfield code="a">IT\ICCU\CNCM\001808</subfield>
    <subfield code="b">Esperienza (donna in piedi con una moneta nella destra e la pietra di paragone nella sinistra). In cornice figurata</subfield>
    <subfield code="c">Z501</subfield>
    <subfield code="d">Dimensioni: 9 x 11</subfield>
    <subfield code="f">ESPERIENZA</subfield>
    <subfield code="f">DONNA</subfield>
    <subfield code="g">1595-1599</subfield>
  </datafield>
</record>
</collection>
